@manual{StandardforBinaryFloating,
    author = {{American National Standards Institute}},
    title = {IEEE Standard for Binary Floating-Point Arithmetic},
    year = {1985},
    organization = {The Institute of Electrical and Electronics Engineers, Inc},
    note = {S. 4}
}

@article{blackholes,
    author = "Rabbert Klein",
    title = "Black Holes and Their Relation to Hiding Eggs",
    journal = "Theoretical Easter Physics",
    publisher = "Eggs Ltd.",
    year = "2010",
    note = "(to appear)"
}

@manual{hankel,
    author = {{Oberhettinger}},
    title = {Tabels of Bessel Transforms},
    year = {1972},
    organization = {Springer-Verlag},
    note = {\url{http://www.intel.com/content/www/us/en/processors/architectures-software-developer-manuals.html},
 visited 2017-08-19}
}

@manual{differenzial,
    author = {{Maurer, Edward Rose}},
    title = {Art. 26 Catenary Cable},
    year = {1914},
    organization = {J. Wiley & Sons},
    note = {S. 107}
}

@manual{katenoid,
    author = {{Edward Harrington Lockwood}},
    title = {A book of curves},
    year = {1971},
    organization = {Cambridge University Press},
    note = {S. 124}
}

@manual{universum1,
    author = {{H. P. Robertson}},
    title = {Kinematics and world structure},
    year = {1935},
    organization = {Astrophysical Journal, Band 82},
    note = {S. 284–301}
}

@manual{universum2,
    author = {{A. G. Walker}},
    title = {On Milne’s theory of world-structure},
    year = {1936},
    organization = {Proc. Lond. Math. Soc., Band 42},
    note = {S. 90–127}
}

@manual{linear_waves,
    author = {{Patrick Holmes}},
    title = {Coastal Processes: Waves},
    year = {2001},
    organization = {Organisation of American States},
    note = {http://www.oas.org/cdcm\_train/courses/course21/chap\_05.images, visited 2023-07-12}
}

@manual{relativity,
    author = {{Jerry B. Griffith}, {Jiri Podolsky}},
    title = {Exact Space-Times in Einstein’s General Relativity},
    year = {2009},
    organization = {Cambridge University Press},
    note = {chapter: Gödels rotating universe}
}

@manual{splines,
    author = {{J. H. Ahlberg}, {E. N. Nilson}, {J.L. Walsh}},
    title = {The Theory of Splines and Their Applications},
    year = {2016},
    organization = {Elsevier Science},
    note = {S.8ff}
}
@manual{rest_series,
    author = {{Ronald F. Boisvert et al.}},
    title = {Digital Library of Mathematical Functions},
    year = {2023},
    organization = {National Institute of Standards and Technology},
    note = {https://dlmf.nist.gov/4.38 visited 2023-07-12}
}
@manual{properties,
    author = {{Ronald F. Boisvert et al.}},
    title = {Digital Library of Mathematical Functions},
    year = {2023},
    organization = {National Institute of Standards and Technology},
    note = {https://dlmf.nist.gov/4.37 visited 2023-07-12}
}
@manual{taylor_series,
    author = {{O.V.}}
    title = {Taylor Series Expansions},
    year = {{2011}},
    organization = {University of California, Santa Cruz},
    note = {https://scipp.ucsc.edu/~haber/ph116A/taylor11.pdf visited 2023-07-13}
}
